<record xmlns="http://www.loc.gov/MARC21/slim" xmlns:xsi="http://www.w3.org/2001/XMLSchema-instance" xsi:schemaLocation="http://www.loc.gov/MARC21/slim http://www.loc.gov/standards/marcxml/schema/MARC21slim.xsd"><leader>01073cz   2200193n  4500</leader><controlfield tag="001">oca03896538 </controlfield><controlfield tag="005">20001104070521.0</controlfield><controlfield tag="008">950809n| acannaabn          |a aaa     c</controlfield><datafield ind1=" " ind2=" " tag="010"><subfield code="a">nr 95029285 </subfield></datafield><datafield ind1=" " ind2=" " tag="040"><subfield code="a">NNC</subfield><subfield code="b">eng</subfield><subfield code="c">NNC</subfield><subfield code="d">OCoLC</subfield></datafield><datafield ind1="1" ind2=" " tag="100"><subfield code="a">Fabius Maximus Servilianus, Q.,</subfield><subfield code="d">fl. 142 B.C.</subfield></datafield><datafield ind1="1" ind2=" " tag="400"><subfield code="a">Maximus Servilianus, Q. Fabius,</subfield><subfield code="d">fl. 142 B.C.</subfield></datafield><datafield ind1="1" ind2=" " tag="400"><subfield code="a">Servilianus, Q. Fabius Maximus,</subfield><subfield code="d">fl. 142 B.C.</subfield></datafield><datafield ind1="0" ind2=" " tag="400"><subfield code="a">Q. Fabius Maximus Servilianus,</subfield><subfield code="d">fl. 142 B.C.</subfield></datafield><datafield ind1=" " ind2=" " tag="670"><subfield code="a">His Annales [CF] 1991:bPHI CD ROM #5.3, Latin Canon, bibliographic screen (Q. Fabius Maximus Servilianus)</subfield></datafield><datafield ind1=" " ind2=" " tag="670"><subfield code="a">Pauly-Wissowa:</subfield><subfield code="b">12. Halbbd., col. 1811-1814; "Fabius", #115 (Q. Fabius Maximus Servilianus; consul, 142 B.C.)</subfield></datafield><datafield ind1=" " ind2=" " tag="670"><subfield code="a">Dict. of Greek and Roman biography and mythology, 1967:</subfield><subfield code="b">v. 2, p. 995; "Maximus, Fabius", #11 (Q. Fabius Q.f.Q.n. Maximus; with the agnomen Servilianus; consul 142 B.C.)</subfield></datafield><datafield ind1=" " ind2=" " tag="670"><subfield code="a">Peter, H. Historicorum romanorum reliquiae, 1914:</subfield><subfield code="b">p. clvii-clviii (Q. Fabius Maximus Servilianus; historian; consul, 142 B.C.)</subfield></datafield><datafield ind1=" " ind2=" " tag="675"><subfield code="a">NUC pre-56;</subfield><subfield code="a">Oxford class. dict.</subfield></datafield></record>